
@InProceedings{wdrl2013,
  title =	{{Proposal for Advancements to the LLSF in 2014 and beyond}},
  author =	{Tim Niemueller and Gerhard Lakemeyer and Alexander
                  Ferrein and Sebastian Reuter and Daniel Ewert and
                  Sabina Jeschke and Dirk Pensky and Ulrich Karras},
  booktitle =	{Proceedings of 16th International Conference on
                  Advanced Robotics -- 1st Workshop on Developments in
                  RoboCup Leagues},
  address =	{Montevideo, Uruguay},
  year =	2013,
}

@InProceedings{llsf-sim-rc2014-2014,
  title =	{{Simulation for the RoboCup Logistics League with Real-World Environment Agency and Multi-level Abstraction}},
  author =	{Frederik Zwilling and Tim Niemueller and Gerhard Lakemeyer},
  booktitle =	{Proc. of RoboCup Symposium},
  address =	{João Pessoa, Brazil},
  year =	{2014},
}

@TechReport{Industry-4.0,
  author = 	 {Henning Kagermann and Wolfgang Wahlster and Johannes Helbig},
  title = 	 {{Recommendations for implementing the strategic
                  initiative INDUSTRIE 4.0}},
  institution =  {Platform Industrie 4.0},
  year = 	 2013,
  type = 	 {{Final Report}},
}
%  institution =  {Platform Industrie 4.0 and National Academy of Science and Engineering},
%  type = 	 {{Final Report of the Industrie 4.0 Working Group}},
%  month = 	 apr,
%  note = 	 {http://www.plattform-i40.de/sites/default/files/Report_Industrie\%204.0_engl_1.pdf},

@incollection{RCLL-CPS,
 author = {Tim Niemueller and Gerhard Lakemeyer and Sebastian Reuter and Sabina Jeschke and Alexander Ferrein},
 title  = {Benchmarking of Cyber-Physical Systems in Industrial Robotics},
 editor = {Houbing Song and Danda B. Rawat and Sabina Jeschke and Christian Brecher},
 booktitle   = {Cyber-Physical Systems: Foundations, Principles and Applications},
 publisher   = {Elsevier},
 address     = {Amsterdam},
 year        = {2016 (in press)},
}

@InProceedings{LogRobComp2016,
  author = 	 {Tim Niemueller and Erez Karpas and Tiago Vaquero and Eric Timmons},
  title = 	 {{Planning Competition for Logistics Robots in Simulation}},
  booktitle = {WS on Planning and Robotics (PlanRob) at Int. Conf. on Automated Planning and Scheduling (ICAPS)},
  year = 	 2016,
  address = 	 {London, UK}
}
%  month = 	 {June},

@TechReport{LogRobComp-Rules-2017,
	author = 			 {{ICAPS Competition Technical Committee 2017}},
	title = 			 {{Planning and Execution Competition\\for Logistics
                  Robots in Simulation -- Rules and Regulations --
                  ICAPS 2017}},
	institution =  {International Conference on Automated Planning and Scheduling},
	year = 				 {2017},
}

@Article{RCI-RefBox,
  title	   = {{Knowledge-Based Instrumentation and Control for
                  Competitive Industry-Inspired Robotic Domains}},
  author   = {Tim Niemueller and Sebastian Zug and Sven Schneider and
                  Ulrich Karras},
  journal  = {KI - K\"unstliche Intelligenz},
  volume   = 30,
  year     = 2016,
}
%	number   = 3,
%  pages   = {289–-299},
